<?xml version="1.0" encoding="UTF-8"?><record xmlns="http://www.loc.gov/MARC21/slim" xmlns:cinclude="http://apache.org/cocoon/include/1.0" xmlns:zs="http://www.loc.gov/zing/srw/">
  <leader>00859cz  a2200193n  4500</leader>
  <controlfield tag="001">n  88123317 </controlfield>
  <controlfield tag="003">DLC</controlfield>
  <controlfield tag="005">20000701064727.0</controlfield>
  <controlfield tag="008">890508n| acannaabn          |a aaa      </controlfield>
  <datafield tag="010" ind1=" " ind2=" ">
    <subfield code="a">n  88123317 </subfield>
  </datafield>
  <datafield tag="035" ind1=" " ind2=" ">
    <subfield code="a">(OCoLC)oca02520026</subfield>
  </datafield>
  <datafield tag="040" ind1=" " ind2=" ">
    <subfield code="a">DLC</subfield>
    <subfield code="b">eng</subfield>
    <subfield code="c">DLC</subfield>
    <subfield code="d">OCoLC</subfield>
  </datafield>
  <datafield tag="100" ind1="1" ind2=" ">
    <subfield code="a">Lakṣmīnārāyaṇa Gauḍ, Tāḷḷa,</subfield>
    <subfield code="d">1939-</subfield>
  </datafield>
  <datafield tag="400" ind1="0" ind2=" ">
    <subfield code="a">Tāḷḷa Lakṣmīnārāyaṇa Gauḍ,</subfield>
    <subfield code="d">1939-</subfield>
  </datafield>
  <datafield tag="400" ind1="1" ind2=" ">
    <subfield code="a">Gauḍ, Tāḷḷa Lakṣmīnārāyaṇa,</subfield>
    <subfield code="d">1939-</subfield>
  </datafield>
  <datafield tag="400" ind1="1" ind2=" ">
    <subfield code="a">Lakṣmīnārāyaṇagauḍ, Tāḷḷa,</subfield>
    <subfield code="d">1939-</subfield>
  </datafield>
  <datafield tag="400" ind1="0" ind2=" ">
    <subfield code="a">Tāḷḷa Lakṣmīnārāyaṇagauḍ,</subfield>
    <subfield code="d">1939-</subfield>
  </datafield>
  <datafield tag="670" ind1=" " ind2=" ">
    <subfield code="a">His Śrīkr̥ṣṇagōpikā praṇaya rasataraṅgiṇi, 1986:</subfield>
    <subfield code="b">t.p. (Tāḷḷa Lakṣmīnārāyaṇa Gauḍ) p. iii, 1st gr. (b. 5/31/1939)</subfield>
  </datafield>
  <datafield tag="670" ind1=" " ind2=" ">
    <subfield code="a">New Delhi non-MARC file</subfield>
    <subfield code="b">(hdg.: Lakṣmīnārāyaṇagauḍ, Tāḷḷa, 1940- )</subfield>
  </datafield>
</record>